@article{huff_fundamental_2016,
	title = {Fundamental concepts in the {Cyclus} nuclear fuel cycle simulation framework},
	volume = {94},
	issn = {0965-9978},
	url = {http://www.sciencedirect.com/science/article/pii/S0965997816300229},
	doi = {10.1016/j.advengsoft.2016.01.014},
	abstract = {As nuclear power expands, technical, economic, political, and environmental analyses of nuclear fuel cycles by simulators increase in importance. To date, however, current tools are often fleet-based rather than discrete and restrictively licensed rather than open source. Each of these choices presents a challenge to modeling fidelity, generality, efficiency, robustness, and scientific transparency. The Cyclus nuclear fuel cycle simulator framework and its modeling ecosystem incorporate modern insights from simulation science and software architecture to solve these problems so that challenges in nuclear fuel cycle analysis can be better addressed. A summary of the Cyclus fuel cycle simulator framework and its modeling ecosystem are presented. Additionally, the implementation of each is discussed in the context of motivating challenges in nuclear fuel cycle simulation. Finally, the current capabilities of Cyclus are demonstrated for both open and closed fuel cycles.},
	language = {en},
	urldate = {2016-02-12},
	journal = {Advances in Engineering Software},
	author = {Huff, Kathryn D. and Gidden, Matthew J. and Carlsen, Robert W. and Flanagan, Robert R. and McGarry, Meghan B. and Opotowsky, Arrielle C. and Schneider, Erich A. and Scopatz, Anthony M. and Wilson, Paul P. H.},
	month = apr,
	year = {2016},
	note = {arXiv: 1509.03604},
	keywords = {nuclear engineering, Computer Science - Computational Engineering, Finance, and Science, Computer Science - Mathematical Software, Computer Science - Multiagent Systems, Computer Science - Software Engineering, D.2.13, D.2.4, I.6.7, I.6.8, simulation, agent based modeling, Object orientation, Systems analysis, Simulation, Nuclear fuel cycle, Finance, and Science, Computer Science - Computational Engineering, Agent based modeling, Nuclear engineering},
	pages = {46--59},
	annote = {arXiv: 1509.03604},
	file = {ScienceDirect Snapshot:C\:\\Users\\Amanda\\Zotero\\storage\\63CHUQ54\\login.html:text/html;ScienceDirect Full Text PDF:C\:\\Users\\Amanda\\Zotero\\storage\\E7DK64AA\\Huff et al. - 2016 - Fundamental concepts in the Cyclus nuclear fuel cy.pdf:application/pdf;ScienceDirect Snapshot:C\:\\Users\\Amanda\\Zotero\\storage\\JCCZAZB3\\S0965997816300229.html:text/html;fundamentals.pdf:C\:\\Users\\Amanda\\Zotero\\storage\\C6G4NQJH\\fundamentals.pdf:application/pdf;arXiv\:1509.03604 PDF:C\:\\Users\\Amanda\\Zotero\\storage\\F9KVM9DZ\\Huff et al. - 2015 - Fundamental Concepts in the Cyclus Fuel Cycle Simu.pdf:application/pdf;arXiv\:1509.03604 PDF:C\:\\Users\\Amanda\\Zotero\\storage\\4FI3T63Q\\Huff et al. - 2015 - Fundamental Concepts in the Cyclus Fuel Cycle Simu.pdf:application/pdf;ScienceDirect Snapshot:C\:\\Users\\Amanda\\Zotero\\storage\\EVBNKXMA\\S0965997816300229.html:text/html;fundamentals.pdf:C\:\\Users\\Amanda\\Zotero\\storage\\BRJECDWC\\fundamentals.pdf:application/pdf;arXiv.org Snapshot:C\:\\Users\\Amanda\\Zotero\\storage\\HXSDS7VW\\1509.html:text/html;arXiv.org Snapshot:C\:\\Users\\Amanda\\Zotero\\storage\\WQVTXAN2\\1509.html:text/html;arXiv.org Snapshot:C\:\\Users\\Amanda\\Zotero\\storage\\EVFA3LC6\\1509.html:text/html;arXiv\:1509.03604 PDF:C\:\\Users\\Amanda\\Zotero\\storage\\GN7WIP38\\Huff et al. - 2016 - Fundamental concepts in the Cyclus nuclear fuel cy.pdf:application/pdf;ScienceDirect Snapshot:C\:\\Users\\Amanda\\Zotero\\storage\\275X4LV5\\S0965997816300229.html:text/html;Snapshot:C\:\\Users\\Amanda\\Zotero\\storage\\9DRDIPZV\\S0965997816300229.html:text/html;Fulltext:C\:\\Users\\Amanda\\Zotero\\storage\\3IMCACE5\\Huff et al. - 2016 - Fundamental concepts in the Cyclus nuclear fuel cy.pdf:application/pdf;Huff et al. - 2016 - Fundamental concepts in the Cyclus nuclear fuel cy.pdf:C\:\\Users\\Amanda\\Zotero\\storage\\FAM6DNLV\\Huff et al. - 2016 - Fundamental concepts in the Cyclus nuclear fuel cy.pdf:application/pdf}
}

@misc{griffith_overview_2020,
	address = {Virtual Meeting},
	type = {Webinar},
	title = {Overview of {NE}’s {High}-{Assay} {Low} {Enriched} {Uranium} ({HALEU}) {Program}},
	url = {https://gain.inl.gov/HALEU_Webinar_Presentations/02-Griffith,NE_HALEU_Program_Update-28Apr2020.pdf},
	abstract = {• Inform stakeholders on current challenges associated with HALEU
- Understanding and estimating demand
- Enrichment, conversion, and deconversion capabilities
- Transportation
- Legislative and regulatory issues
• Discuss “division of labor”: where government and private roles connect
• Inform DOE of steps we should tak},
	language = {en},
	urldate = {2020-06-20},
	author = {Griffith, Andy},
	month = apr,
	year = {2020},
	file = {Griffith - Overview of NE’s High-Assay Low Enriched Uranium (.pdf:C\:\\Users\\Amanda\\Zotero\\storage\\YJZBWD74\\Griffith - Overview of NE’s High-Assay Low Enriched Uranium (.pdf:application/pdf}
}
